<?xml version="1.0" encoding="UTF-8" ?>
<collection xmlns:marc="http://www.loc.gov/MARC21/slim" xmlns:xsi="http://www.w3.org/2001/XMLSchema-instance" xsi:schemaLocation="http://www.loc.gov/MARC21/slim http://www.loc.gov/standards/marcxml/schema/MARC21slim.xsd">
	<!-- Complementary -->
	<record>
		<leader>x41</leader>
		<controlfield tag="001">x41</controlfield>
		<datafield ind1=" " ind2=" " tag="101">
			<subfield code="a">English</subfield>
		</datafield>
		<datafield ind1=" " ind2=" " tag="200">
			<subfield code="a">A study in continual improvement</subfield>
			<subfield code="e">Part 1</subfield>
			<subfield code="b">Video</subfield>
			<subfield code="f">edited by Clare Crawford-Mason</subfield>
			<subfield code="g">W. Edwards Deming</subfield>
			<subfield code="g">narrated by Lloyd Dobyns</subfield>
		</datafield>
		<datafield ind1=" " ind2=" " tag="210">
			<subfield code="a">Chicago, Ill. :</subfield>
			<subfield code="b">Films Incorporated</subfield>
			<subfield code="c">1995, cop. 1995</subfield>
		</datafield>
		<datafield ind1=" " ind2=" " tag="225">
			<subfield code="a">The Deming library</subfield>
		</datafield>
		<datafield ind1=" " ind2=" " tag="215">
			<subfield code="a">1 videocassette (27 min)</subfield>
			<subfield code="c">PAL</subfield>
		</datafield>
		<datafield ind1=" " ind2=" " tag="330">
			<subfield code="a">This two-part video program takes a look at the quality transformation under way at Virginia's Reston Hospital Center. You will discover ; Reston Hospital Center's 14 guiding principles and their relationship to Dr Deming's 14 points; why Reston Hospital Center's leadership believes that their quality improvement effort is their best hope for reducing costs and improving services; why employees need knowledge, tools, freedom, and support to initiate and take responsibility for their own process improvements.</subfield>
		</datafield>
		<datafield ind1=" " ind2=" " tag="606">
			<subfield code="3">subauth-020</subfield>
			<subfield code="a">Hospitals</subfield>
		</datafield>
		<datafield ind1=" " ind2=" " tag="606">
			<subfield code="3">subauth-023</subfield>
			<subfield code="a">Total Quality Management</subfield>
		</datafield>
		<datafield ind1=" " ind2=" " tag="607">
			<subfield code="3">plauth-001</subfield>
			<subfield code="a">Virginia</subfield>
		</datafield>
	</record>