
	<record>
		<leader>x42</leader>
		<controlfield tag="001">x42</controlfield>
		<datafield ind1=" " ind2=" " tag="101">
			<subfield code="a">English</subfield>
		</datafield>
		<datafield ind1=" " ind2=" " tag="200">
			<subfield code="a">A study in continual improvement</subfield>
			<subfield code="e">Part 2</subfield>
			<subfield code="b">Video</subfield>
			<subfield code="f">edited by Clare Crawford-Mason</subfield>
			<subfield code="g">W. Edwards Deming</subfield>
			<subfield code="g">narrated by Lloyd Dobyns</subfield>
		</datafield>
		<datafield ind1=" " ind2=" " tag="210">
			<subfield code="a">Chicago, Ill. :</subfield>
			<subfield code="b">Films Incorporated</subfield>
			<subfield code="c">1995, cop. 1995</subfield>
		</datafield>
		<datafield ind1=" " ind2=" " tag="225">
			<subfield code="a">The Deming library</subfield>
		</datafield>
		<datafield ind1=" " ind2=" " tag="215">
			<subfield code="a">1 videocassette (27 min)</subfield>
			<subfield code="c">PAL</subfield>
		</datafield>
		<datafield ind1=" " ind2=" " tag="330">
			<subfield code="a">This two-part video program takes a look at the quality transformation under way at Virginia's Reston Hospital Center. You will discover ; how an understanding of systems, variation, psychology, and the theory of knowledge underpins the transformation of American business; ; the need for organizations to change to a process view; why all participants in the system, from top management to the front line, must be involved in transforming the organization; ; how Reston Hospital Center began and continues its transformation through the application of Continual Quality Improvement.</subfield>
		</datafield>
		<datafield ind1=" " ind2=" " tag="606">
			<subfield code="3">subauth-020</subfield>
			<subfield code="a">Hospitals</subfield>
		</datafield>
		<datafield ind1=" " ind2=" " tag="606">
			<subfield code="3">subauth-023</subfield>
			<subfield code="a">Total Quality Management</subfield>
		</datafield>
		<datafield ind1=" " ind2=" " tag="607">
			<subfield code="3">plauth-001</subfield>
			<subfield code="a">Virginia</subfield>
		</datafield>
	</record>