
	<record>
		<leader>x17</leader>
		<controlfield tag="001">x17</controlfield>
		<datafield ind1=" " ind2=" " tag="010">
			<subfield code="a">978-2-09-163867-6</subfield>
		</datafield>
		<datafield ind1="1" ind2=" " tag="200">
			<subfield code="a">DCG epreuve 10</subfield>
			<subfield code="e">comptabilite approfondie</subfield>
			<subfield code="e">corriges des applications</subfield>
			<subfield code="f">Odile Barbe</subfield>
			<subfield code="f">Laurent Didelot</subfield>
			<subfield code="f">Laurence Cassio</subfield>
		</datafield>
		<datafield ind1=" " ind2=" " tag="205">
			<subfield code="a">2015-2016</subfield>
		</datafield>
		<datafield ind1=" " ind2=" " tag="210">
			<subfield code="a">Paris</subfield>
			<subfield code="c">Nathan</subfield>
			<subfield code="c">Groupe Revue fiduciaire</subfield>
			<subfield code="d">2015, cop. 2015</subfield>
		</datafield>
		<datafield ind1=" " ind2=" " tag="215">
			<subfield code="a">1 volume (271 pages)</subfield>
			<subfield code="d">24 cm</subfield>
		</datafield>
		<datafield ind1="2" ind2=" " tag="225">
			<subfield code="a">DCG</subfield>
		</datafield>
	</record>