
	<record>
		<leader>x34</leader>
		<controlfield tag="001">x34</controlfield>
		<datafield ind1=" " ind2=" " tag="011">
			<subfield code="a">0195-9417</subfield>
			<subfield code="b">1</subfield>
		</datafield>
		<datafield ind1=" " ind2=" " tag="101">
			<subfield code="a">English</subfield>
		</datafield>
		<datafield ind1="1" ind2=" " tag="200">
			<subfield code="a">Infection control</subfield>
		</datafield>
		<datafield ind1=" " ind2=" " tag="210">
			<subfield code="a">Thorofare, NJ</subfield>
			<subfield code="c">SLACK Inc.</subfield>
			<subfield code="d">1980-1987</subfield>
		</datafield>
		<datafield ind1=" " ind2=" " tag="326">
			<subfield code="a">Monthly</subfield>
		</datafield>
		<datafield ind1=" " ind2=" " tag="500">
			<subfield code="3">tauth-019</subfield>
			<subfield code="a">Infection control</subfield>
		</datafield>
		<datafield ind1=" " ind2=" " tag="610">
			<subfield code="3">subauth-022</subfield>
			<subfield code="a">Infection</subfield>
		</datafield>
		<datafield ind1=" " ind2=" " tag="610">
			<subfield code="3">subauth-021</subfield>
			<subfield code="a">Infection Control</subfield>
		</datafield>
	</record>
</collection>